@misc{P1,
author = {Christopher Manning, Dan Jurafsky},
title = {Syntactic Structure: Constituency vs Dependency},
howpublished = {\url{https://class.coursera.org/nlp/lecture/161}},
}

@inproceedings{galley2009quadratic,
  title={Quadratic-time dependency parsing for machine translation},
  author={Galley, Michel and Manning, Christopher D},
  booktitle={Proceedings of the Joint Conference of the 47th Annual Meeting of the ACL and the 4th International Joint Conference on Natural Language Processing of the AFNLP: Volume 2-Volume 2},
  pages={773--781},
  year={2009},
  organization={Association for Computational Linguistics}
}
@inproceedings{culotta2004dependency,
  title={Dependency tree kernels for relation extraction},
  author={Culotta, Aron and Sorensen, Jeffrey},
  booktitle={Proceedings of the 42nd Annual Meeting on Association for Computational Linguistics},
  pages={423},
  year={2004},
  organization={Association for Computational Linguistics}
}

@article{parsingsynthesis,
  title={Synthesis Lectures on Human Language Technologies},
  author={Parsing, Dependency},
  journal={Sandra Kubler, Ryan McDonald, Joakim Nivre}
}

@Book{P2,
  author     = "Igor Mel'čuk",
  title      = "Dependency Syntax: Theory and Practice",
  publisher  = "State University of New York Press, Albany",
  edition   = {First},
  year       = 1988,
}

@Book{P3,
  author     = "Lucien Tesnière",
  title      = "Eleménts de syntaxe structurale",
  publisher  = "",
  edition   = {2nd edition},
  year       = 1959,
}

@misc{P4,
title = {The Stanford Natural Language Processing Group},
howpublished = {\url{http://nlp.stanford.edu/software/stanford-dependencies.shtml}},
}


@misc{P5,
title = {Dependency Graph, Wikipedia},
howpublished = {\url{https://en.wikipedia.org/wiki/Dependency_graph}},
}

@book{P6,
  title={Readings in information visualization: using vision to think},
  author={Card, Stuart K and Mackinlay, Jock D and Shneiderman, Ben},
  year={1999},
  publisher={Morgan Kaufmann}
}
@misc{P7,
title = {Dependency Parsing, Tutorial at COLING-ACL, Sydney},
howpublished = {\url{http://stp.lingfil.uu.se/~nivre/docs/ACLslides.pdf}},
year = 2006
}

@book{P8,
  title={Things that make us smart: Defending human attributes in the age of the machine},
  author={Norman, Donald A},
  year={1993},
  publisher={Basic Books}
}
@misc{P9,
title = {The Stanford Natural Language Processing Group, Software},
howpublished = {\url{http://nlp.stanford.edu/software/}},
}

@misc{P10,
title = {Text visualisation tools},
howpublished = {\url{http://textvis.lnu.se/}},
}


@misc{P11,
title = {Text visualisation tools},
howpublished = {\url{https://en.wikipedia.org/wiki/File:Acat.svg}},
}

